

@Article{Jacobsonreview,     author    = "Jacobson, Ted and Liberati, Stefano and Mattingly, David",     title     = "Astrophysical bounds on Planck suppressed Lorentz                  violation",     year      = "2004",     eprint    = "hep-ph/0407370",     SLACcitation  = "%%CITATION = HEP-PH 0407370;%%"}

@Article{PhysToday,     author    = "Pospelov, M. and Romalis, M.",     title     = "Lorentz invariance on trial",     journal   = "Phys. Today",     volume    = "57N7",     year      = "2004",     pages     = "40-46",     SLACcitation  = "%%CITATION = PHTOA,57N7,40;%%"}

@Article{WessBagger,     author    = "Wess, J. and Bagger, J.",     title     = "Supersymmetry and supergravity",     note     = "{P}rinceton, USA: Univ. Pr.  259 p",     year      = "1992"}

@Article{MPR1,     author    = "Mocioiu, Irina and Pospelov, Maxim and Roiban, Radu",     title     = "Low-energy limits on the antisymmetric tensor field                  background on the  brane and on the non-commutative scale",     journal   = "Phys. Lett.",     volume    = "B489",     year      = "2000",     pages     = "390-396",     eprint    = "hep-ph/0005191",     SLACcitation  = "%%CITATION = HEP-PH 0005191;%%"}

@Article{MPR2,     author    = "Mocioiu, Irina and Pospelov, Maxim and Roiban, Radu",     title     = "Breaking CPT by mixed noncommutativity",     journal   = "Phys. Rev.",     volume    = "D65",     year      = "2002",     pages     = "107702",     eprint    = "hep-ph/0108136",     SLACcitation  = "%%CITATION = HEP-PH 0108136;%%"}

@Article{Binetruy:1991sz,     author    = "Binetruy, P. and Girardi, G. and Grimm, R.",     title     = "Linear supermultiplets and nonholomorphic gauge coupling                  functions",     journal   = "Phys. Lett.",     volume    = "B265",     year      = "1991",     pages     = "111-118",     SLACcitation  = "%%CITATION = PHLTA,B265,111;%%"}

@Article{Cecotti:1987nw,     author    = "Cecotti, S. and Ferrara, S. and Villasante, M.",     title     = "LINEAR MULTIPLETS AND SUPER {C}HERN-{S}IMONS FORMS IN {4-D}                  SUPERGRAVITY",     journal   = "Int. J. Mod. Phys.",     volume    = "A2",     year      = "1987",     pages     = "1839",     SLACcitation  = "%%CITATION = IMPAE,A2,1839;%%"}

@Article{Derendinger:1994gx,     author    = "Derendinger, Jean-Pierre and Quevedo, Fernando and Quiros,                  Mariano",     title     = "The Linear multiplet and quantum four-dimensional string                  effective actions",     journal   = "Nucl. Phys.",     volume    = "B428",     year      = "1994",     pages     = "282-330",     eprint    = "hep-th/9402007",     SLACcitation  = "%%CITATION = HEP-TH 9402007;%%"}

@Article{Girardi:1998ju,     author    = "Girardi, Georges and Grimm, Richard",     title     = "The superspace geometry of gravitational {C}hern-{S}imons forms                  and their  couplings to linear multiplets: {A} self-contained                  presentation",     journal   = "Annals Phys.",     volume    = "272",     year      = "1999",     pages     = "49-129",     eprint    = "hep-th/9801201",     SLACcitation  = "%%CITATION = HEP-TH 9801201;%%"}

@Article{Vuc,     author    = "Sudarsky, Daniel and Urrutia, Luis and Vucetich, Hector",     title     = "New observational bounds to quantum gravity signals",     journal   = "Phys. Rev. Lett.",     volume    = "89",     year      = "2002",     pages     = "231301",     eprint    = "gr-qc/0204027",     SLACcitation  = "%%CITATION = GR-QC 0204027;%%"}

@Article{Berger:2,     author    = "Berger, M. S.",     title     = "Superfield realizations of Lorentz and CPT violation",     journal   = "Phys. Rev.",     volume    = "D68",     year      = "2003",     pages     = "115005",     eprint    = "hep-th/0308036, hep-ph/0312356",     SLACcitation  = "%%CITATION = HEP-TH 0308036;%%",     SLACcitation  = "%%CITATION = HEP-PH 0312356;%%"}

@Article{Berger:,     author    = "Berger, M. S. and Kostelecky, V. Alan",     title     = "Supersymmetry and Lorentz violation",     journal   = "Phys. Rev.",     volume    = "D65",     year      = "2002",     pages     = "091701",     eprint    = "hep-th/0112243",     SLACcitation  = "%%CITATION = HEP-TH 0112243;%%"}

@Article{MP:,     author    = "Myers, Robert C. and Pospelov, Maxim",     title     = "Experimental challenges for quantum gravity",     journal   = "Phys. Rev. Lett.",     volume    = "90",     year      = "2003",     pages     = "211601",     eprint    = "hep-ph/0301124 and gr-qc/0402028",     SLACcitation  = "%%CITATION = HEP-PH 0301124;%%"}

@Article{Belich:,     author    = "Belich, H. and Boldo, J. L. and Colatto, L. P. and                  Helayel-Neto, J. A. and Nogueira, A. L. M. A.",     title     = "Supersymmetric extension of the Lorentz and CPT-violating                  Maxwell-Chern-Simons model",     journal   = "Phys. Rev.",     volume    = "D68",     year      = "2003",     pages     = "065030",     eprint    = "hep-th/0304166",     SLACcitation  = "%%CITATION = HEP-TH 0304166;%%"}

@Article{UCSC,     author    = "Anisimov, Alexey and Banks, Tom and Dine, Michael and                  Graesser, Michael",     title     = "Comments on non-commutative phenomenology",     journal   = "Phys. Rev.",     volume    = "D65",     year      = "2002",     pages     = "085032",     eprint    = "hep-ph/0106356",     SLACcitation  = "%%CITATION = HEP-PH 0106356;%%"}

@Article{WMC2,     author    = "Carlson, Carl E. and Carone, Christopher D. and Lebed,                  Richard F.",     title     = "Supersymmetric noncommutative QED and Lorentz violation",     journal   = "Phys. Lett.",     volume    = "B549",     year      = "2002",     pages     = "337-343",     eprint    = "hep-ph/0209077",     SLACcitation  = "%%CITATION = HEP-PH 0209077;%%"}

@Article{lcq,     author    = "Smolin, Lee",     title     = "How far are we from the quantum theory of gravity?",     year      = "2003",     eprint    = "hep-th/0303185",     SLACcitation  = "%%CITATION = HEP-TH 0303185;%%"}

@Article{Kost1,     author    = "Colladay, Don and Kostelecky, V. Alan",     title     = "CPT violation and the standard model",     journal   = "Phys. Rev.",     volume    = "D55",     year      = "1997",     pages     = "6760-6774",     eprint    = "hep-ph/9703464",     SLACcitation  = "%%CITATION = HEP-PH 9703464;%%"}

@Article{CG,     author    = "Coleman, Sidney R. and Glashow, Sheldon L.",     title     = "High-energy tests of Lorentz invariance",     journal   = "Phys. Rev.",     volume    = "D59",     year      = "1999",     pages     = "116008",     eprint    = "hep-ph/9812418",     SLACcitation  = "%%CITATION = HEP-PH 9812418;%%"}

@Article{CFJ,     author    = "Carroll, Sean M. and Field, George B. and Jackiw, Roman",     title     = "LIMITS ON A LORENTZ AND PARITY VIOLATING MODIFICATION OF                  ELECTRODYNAMICS",     journal   = "Phys. Rev.",     volume    = "D41",     year      = "1990",     pages     = "1231",     SLACcitation  = "%%CITATION = PHRVA,D41,1231;%%"}

@Article{Sarkar,     author    = "Sarkar, Subir",     title     = "Possible astrophysical probes of quantum gravity",     journal   = "Mod. Phys. Lett.",     volume    = "A17",     year      = "2002",     pages     = "1025-1036",     eprint    = "gr-qc/0204092",     SLACcitation  = "%%CITATION = GR-QC 0204092;%%"}

@Article{Ted1,     author    = "Jacobson, T. and Liberati, S. and Mattingly, D.",     title     = "Lorentz violation and Crab synchrotron emission: A new                  constraint far beyond the Planck scale",     journal   = "Nature",     volume    = "424",     year      = "2003",     pages     = "1019-1021",     eprint    = "astro-ph/0212190",     SLACcitation  = "%%CITATION = ASTRO-PH 0212190;%%"}

@Article{GK,     author    = "Gleiser, Reinaldo J. and Kozameh, Carlos N.",     title     = "Astrophysical limits on quantum gravity motivated                  birefringence",     journal   = "Phys. Rev.",     volume    = "D64",     year      = "2001",     pages     = "083007",     eprint    = "gr-qc/0102093",     SLACcitation  = "%%CITATION = GR-QC 0102093;%%"}

@Article{CK,     author    = "Colladay, Don and Kostelecky, V. Alan",     title     = "Lorentz-violating extension of the standard model",     journal   = "Phys. Rev.",     volume    = "D58",     year      = "1998",     pages     = "116002",     eprint    = "hep-ph/9809521",     SLACcitation  = "%%CITATION = HEP-PH 9809521;%%"}

@Article{DN,     author    = "Douglas, Michael R. and Nekrasov, Nikita A.",     title     = "Noncommutative field theory",     journal   = "Rev. Mod. Phys.",     volume    = "73",     year      = "2001",     pages     = "977-1029",     eprint    = "hep-th/0106048",     SLACcitation  = "%%CITATION = HEP-TH 0106048;%%"}

@Article{AmC,     author    = "Amelino-Camelia, G. and Ellis, John R. and Mavromatos, N.                  E. and Nanopoulos, D. V. and Sarkar, Subir",     title     = "Potential Sensitivity of Gamma-Ray Burster Observations to                  Wave Dispersion in Vacuo",     journal   = "Nature",     volume    = "393",     year      = "1998",     pages     = "763-765",     eprint    = "astro-ph/9712103",     SLACcitation  = "%%CITATION = ASTRO-PH 9712103;%%"}

@Article{FR,     author    = "Ferrara, S. and Remiddi, E.",     title     = "ABSENCE OF THE ANOMALOUS MAGNETIC MOMENT IN A                  SUPERSYMMETRIC ABELIAN GAUGE THEORY",     journal   = "Phys. Lett.",     volume    = "B53",     year      = "1974",     pages     = "347",     SLACcitation  = "%%CITATION = PHLTA,B53,347;%%"}

@Article{Kost2,     author    = "Kostelecky, V. Alan and Mewes, Matthew",     title     = "Cosmological constraints on Lorentz violation in                  electrodynamics",     journal   = "Phys. Rev. Lett.",     volume    = "87",     year      = "2001",     pages     = "251304",     eprint    = "hep-ph/0111026",     SLACcitation  = "%%CITATION = HEP-PH 0111026;%%"}

@Article{clock2,     author    = "Bear, D. and Stoner, R. E. and Walsworth, R. L. and                  Kostelecky, V. Alan and Lane, Charles D.",     title     = "Limit on Lorentz and CPT violation of the neutron using a                  two-species  noble-gas maser",     journal   = "Phys. Rev. Lett.",     volume    = "85",     year      = "2000",     pages     = "5038-5041",     eprint    = "physics/0007049",     SLACcitation  = "%%CITATION = PHYSICS 0007049;%%"}

@Article{clock1,     author    = "Berglund {\em et al.}, C.J.",     title     = "Cs/Hg",     journal   = "Phys. Rev. Lett.",     volume    = "75",     year      = "1995",     pages     = "1879-1882",     eprint    = "physics/0007049",     SLACcitation  = "%%CITATION = PHYSICS 0007049;%%"}

@Article{Kostelecky:1989jw,     author    = "Kostelecky, V. Alan and Samuel, Stuart",     title     = "GRAVITATIONAL PHENOMENOLOGY IN HIGHER DIMENSIONAL THEORIES                  AND STRINGS",     journal   = "Phys. Rev.",     volume    = "D40",     year      = "1989",     pages     = "1886-1903",     SLACcitation  = "%%CITATION = PHRVA,D40,1886;%%"}

@Article{GrootNibbelink:2004za,
     author    = "Groot Nibbelink, Stefan and Pospelov, Maxim",
     title     = "Lorentz violation in supersymmetric field theories",
     journal   = "Phys. Rev. Lett.",
     volume    = "94",
     year      = "2005",
     pages     = "081601",
     eprint    = "hep-ph/0404271",
     SLACcitation  = "%%CITATION = HEP-PH 0404271;%%"
}



@Article{Colladay:1998fq,     author    = "Colladay, Don and Kostelecky, V. Alan",     title     = "Lorentz-violating extension of the standard model",     journal   = "Phys. Rev.",     volume    = "D58",     year      = "1998",     pages     = "116002",     eprint    = "hep-ph/9809521",     SLACcitation  = "%%CITATION = HEP-PH 9809521;%%"}

@Article{Pospelov:2004fj,     author    = "Pospelov, M. and Romalis, M.",     title     = "Lorentz invariance on trial",     journal   = "Phys. Today",     volume    = "57N7",     year      = "2004",     pages     = "40-46",     SLACcitation  = "%%CITATION = PHTOA,57N7,40;%%"}

@Article{PDBook,     author    = "Eidelman, S. and others", collaboration = "Particle Data Group",     title     = "Review of particle physics",     journal   = "Phys. Lett.",     volume    = "B592",     year      = "2004",     pages     = "1",     SLACcitation  = "%%CITATION = PHLTA,B592,1;%%"}

@articl{Wess:1992cp,     author    = "Wess, J. and Bagger, J.",     title     = "Supersymmetry and supergravity",     note     = "Princeton, USA: Univ. Pr. (1992) 259 p"}

@Article{Ferrara:1974wb,     author    = "Ferrara, S. and Remiddi, E.",     title     = "ABSENCE OF THE ANOMALOUS MAGNETIC MOMENT IN A                  SUPERSYMMETRIC ABELIAN GAUGE THEORY",     journal   = "Phys. Lett.",     volume    = "B53",     year      = "1974",     pages     = "347",     SLACcitation  = "%%CITATION = PHLTA,B53,347;%%"}

@Article{Gagnon:2004xh,     author    = "Gagnon, Olivier and Moore, Guy D.",     title     = "Limits on Lorentz violation from the highest energy cosmic                  rays",     journal   = "Phys. Rev.",     volume    = "D70",     year      = "2004",     pages     = "065002",     eprint    = "hep-ph/0404196",     SLACcitation  = "%%CITATION = HEP-PH 0404196;%%"}

@Article{Kostelecky:2001mb,     author    = "Kostelecky, V. Alan and Mewes, Matthew",     title     = "Cosmological constraints on Lorentz violation in                  electrodynamics",     journal   = "Phys. Rev. Lett.",     volume    = "87",     year      = "2001",     pages     = "251304",     eprint    = "hep-ph/0111026",     SLACcitation  = "%%CITATION = HEP-PH 0111026;%%"}

@Articl{Heckel:1999sy,     author    = "Heckel, B. R. and Adelberger, E. G. and Gundlach, J. H. and                  Harris, M. G. and Swanson, H. E.",     title     = "Torsion balance test of spin coupled forces",     note      = "Prepared for International Conference on Orbis Scientiae                  1999: Quantum Gravity, Generalized Theory of Gravitation                  and Superstring Theory Based Unification (28th Conference                  on High-Energy Physics and Cosmology Since 1964), Coral                  Gables, Florida, 16-19 Dec 1999"}

@Article{Jackiw:1999yp,     author    = "Jackiw, Roman and Kostelecky, V. Alan",     title     = "Radiatively induced Lorentz and CPT violation in                  electrodynamics",     journal   = "Phys. Rev. Lett.",     volume    = "82",     year      = "1999",     pages     = "3572-3575",     eprint    = "hep-ph/9901358",     SLACcitation  = "%%CITATION = HEP-PH 9901358;%%"}

@Article{Chung:1998jv,     author    = "Chung, J. M. and Oh, Phillial",     title     = "Lorentz and PCT violating Chern-Simons term in the                  derivative expansion  of QED",     journal   = "Phys. Rev.",     volume    = "D60",     year      = "1999",     pages     = "067702",     eprint    = "hep-th/9812132",     SLACcitation  = "%%CITATION = HEP-TH 9812132;%%"}

@Article{Andrianov:2001zj,     author    = "Andrianov, Alexander A. and Giacconi, P. and Soldati, R.",     title     = "Lorentz and CPT violations from Chern-Simons modifications                  of QED",     journal   = "JHEP",     volume    = "02",     year      = "2002",     pages     = "030",     eprint    = "hep-th/0110279",     SLACcitation  = "%%CITATION = HEP-TH 0110279;%%"}

@Article{Fischler:1981zk,
     author    = "Fischler, W. and Nilles, Hans Peter and Polchinski, Joseph
                  and Raby, Stuart and Susskind, Leonard",
     title     = "VANISHING RENORMALIZATION OF THE {D} TERM IN SUPERSYMMETRIC
                  {U(1)} THEORIES",
     journal   = "Phys. Rev. Lett.",
     volume    = "47",
     year      = "1981",
     pages     = "757",
     SLACcitation  = "%%CITATION = PRLTA,47,757;%%"
}

@Article{Bolokhov:2005cj,
     author    = "Bolokhov, Pavel A. and Nibbelink, Stefan Groot and
                  Pospelov, Maxim",
     title     = "Lorentz violating supersymmetric quantum electrodynamics",
     journal   = "Phys. Rev.",
     volume    = "D72",
     year      = "2005",
     pages     = "015013",
     eprint    = "hep-ph/0505029",
     SLACcitation  = "%%CITATION = HEP-PH 0505029;%%"
}

@Article{Gates:1983nr,
     author    = "Gates, S. J. and Grisaru, Marcus T. and Rocek, M. and
                  Siegel, W.",
     title     = "Superspace, or one thousand and one lessons in
                  supersymmetry",
     journal   = "Front. Phys.",
     volume    = "58",
     year      = "1983",
     pages     = "1-548",
     eprint    = "hep-th/0108200",
     SLACcitation  = "%%CITATION = HEP-TH 0108200;%%"
}
@Article{Putz:2002ib,
     author    = "Putz, V. and Wulkenhaar, R.",
     title     = "Seiberg-Witten map for noncommutative super Yang-Mills
                  theory",
     journal   = "Int. J. Mod. Phys.",
     volume    = "A18",
     year      = "2003",
     pages     = "3325-3334",
     eprint    = "hep-th/0205094",
     SLACcitation  = "%%CITATION = HEP-TH 0205094;%%"
}

@Article{Mikulovic:2003sq,
     author    = "Mikulovic, Dzo",
     title     = "Seiberg-Witten map for superfields on canonically deformed
                  N = 1, d = 4  superspace",
     journal   = "JHEP",
     volume    = "01",
     year      = "2004",
     pages     = "063",
     eprint    = "hep-th/0310065",
     SLACcitation  = "%%CITATION = HEP-TH 0310065;%%"
}

@Article{Martin:1997ns,
     author    = "Martin, Stephen P.",
     title     = "A supersymmetry primer",
     year      = "1997",
     eprint    = "hep-ph/9709356",
     SLACcitation  = "%%CITATION = HEP-PH 9709356;%%"
}

@Article{Gates:2000gu,
     author    = "Gates, S. James, Jr. and Grisaru, Marcus T. and Knutt,
                  Marcia E. and Penati, Silvia and Suzuki, Hiroshi",
     title     = "Supersymmetric gauge anomaly with general homotopic paths",
     journal   = "Nucl. Phys.",
     volume    = "B596",
     year      = "2001",
     pages     = "315-347",
     eprint    = "hep-th/0009192",
     SLACcitation  = "%%CITATION = HEP-TH 0009192;%%"
}


@Article{Fujikawa:1983bg,
     author    = "Fujikawa, Kazuo",
     title     = "ON THE EVALUATION OF CHIRAL ANOMALY IN GAUGE THEORIES WITH
                  gamma(5) COUPLINGS",
     journal   = "Phys. Rev.",
     volume    = "D29",
     year      = "1984",
     pages     = "285",
     SLACcitation  = "%%CITATION = PHRVA,D29,285;%%"
}

 @Article{Konishi:1985tu,
     author    = "Konishi, Ken-ichi and Shizuya, Ken-ichi",
     title     = "FUNCTIONAL INTEGRAL APPROACH TO CHIRAL ANOMALIES IN
                  SUPERSYMMETRIC GAUGE THEORIES",
     journal   = "Nuovo Cim.",
     volume    = "A90",
     year      = "1985",
     pages     = "111",
     SLACcitation  = "%%CITATION = NUCIA,A90,111;%%"
}


@Article{Hayashi:1998ca,
     author    = "Hayashi, Takuya and Ohshima, Yoshihisa and Okuyama, Kiyoshi
                  and Suzuki, Hiroshi",
     title     = "Invariant regularization of supersymmetric chiral gauge
                  theory",
     journal   = "Prog. Theor. Phys.",
     volume    = "100",
     year      = "1998",
     pages     = "627-655",
     eprint    = "hep-th/9801062",
     SLACcitation  = "%%CITATION = HEP-TH 9801062;%%"
}

 @Article{Mittleman:1999it,
     author    = "Mittleman, R. K. and Ioannou, I. I. and Dehmelt, H. G. and
                  Russell, N.",
     title     = "Bound on CPT and Lorentz symmetry with a trapped electron",
     journal   = "Phys. Rev. Lett.",
     volume    = "83",
     year      = "1999",
     pages     = "2116-2119",
     SLACcitation  = "%%CITATION = PRLTA,83,2116;%%"
}



@Article{Belich:2005js,
     author    = "Belich, H. and De Andrade, M. A. and Santos, M. A.",
     title     = "Gauge theories with Lorentz-symmetry violation by
                  symplectic projector method",
     year      = "2005",
     eprint    = "hep-th/0503145",
     SLACcitation  = "%%CITATION = HEP-TH 0503145;%%"
}

@Article{Ney:2005gb,
     author    = "Ney, Wander G. and Helayel-Neto, J. A. and Spalenza, Wesley
                  ",
     title     = "Recent results on N = 2,4 supersymmetry with Lorentz
                  symmetry violating",
     journal   = "Proc. Sci.",
     volume    = "WC2004",
     year      = "2004",
     pages     = "046",
     eprint    = "hep-th/0502233",
     SLACcitation  = "%%CITATION = HEP-TH 0502233;%%"
}

@Article{Mattingly:2005re,
     author    = "Mattingly, David",
     title     = "Modern tests of Lorentz invariance",
     year      = "2005",
     eprint    = "gr-qc/0502097",
     SLACcitation  = "%%CITATION = GR-QC 0502097;%%"
}

@Article{Vucetich:2005ra,
     author    = "Vucetich, Hector",
     title     = "Testing Lorentz invariance violation in quantum gravity
                  theories",
     year      = "2005",
     eprint    = "gr-qc/0502093",
     SLACcitation  = "%%CITATION = GR-QC 0502093;%%"
}

@Article{Berger:2003ay,
     author    = "Berger, M. S.",
     title     = "Superfield realizations of Lorentz and CPT violation",
     journal   = "Phys. Rev.",
     volume    = "D68",
     year      = "2003",
     pages     = "115005",
     eprint    = "hep-th/0308036",
     SLACcitation  = "%%CITATION = HEP-TH 0308036;%%"
}

@Article{Jain:2005as,
     author    = "Jain, Pankaj and Ralston, John P.",
     title     = "Supersymmetry and the Lorentz fine tuning problem",
     year      = "2005",
     eprint    = "hep-ph/0502106",
     SLACcitation  = "%%CITATION = HEP-PH 0502106;%%"
}


@Article{Ney:2005wc,
     author    = "Ney, Wander G. and Helayel-Neto, J. A. and Spalenza, Wesley
                  ",
     title     = "Off-shell extended supersymmetries and Lorentz-violating
                  Abelian gauge models",
     year      = "2005",
     eprint    = "hep-th/0502037",
     SLACcitation  = "%%CITATION = HEP-TH 0502037;%%"
}

@Article{Ney:2004tn,
     author    = "Ney, Wander G. and Helayel-Neto, J. A. and Spalenza, Wesley
                  ",
     title     = "The N = 2 and N = 4 supersymmetric extensions of the
                  Lorentz- and CPT-violating term in Abelian gauge theories",
     year      = "2004",
     eprint    = "hep-th/0410287",
     SLACcitation  = "%%CITATION = HEP-TH 0410287;%%"
}

@Article{Belich:2004ng,
     author    = "Belich, H. and Costa-Soares, T. and Ferreira, M. M. , Jr.
                  and Helayel-Neto, J. A.",
     title     = "Non-minimal coupling to a Lorentz-violating background and
                  quantum-mechanical implications",
     year      = "2004",
     eprint    = "hep-th/0410104",
     SLACcitation  = "%%CITATION = HEP-TH 0410104;%%"
}

@Article{Montemayor:2004mh,
     author    = "Montemayor, R. and Urrutia, Luis F.",
     title     = "Synchrotron radiation in Myers-Pospelov effective
                  electrodynamics",
     journal   = "Phys. Lett.",
     volume    = "B606",
     year      = "2005",
     pages     = "86-94",
     eprint    = "hep-ph/0410143",
     SLACcitation  = "%%CITATION = HEP-PH 0410143;%%"
}

@Article{Sigl:2004cq,
     author    = "Sigl, Gunter",
     title     = "Lectures on astroparticle physics",
     year      = "2004",
     eprint    = "hep-ph/0408165",
     SLACcitation  = "%%CITATION = HEP-PH 0408165;%%"
}

@Article{Perez-Victoria:2001ej,
     author    = "Perez-Victoria, Manuel",
     title     = "Physical (ir)relevance of ambiguities to Lorentz and CPT
                  violation in  QED",
     journal   = "JHEP",
     volume    = "04",
     year      = "2001",
     pages     = "032",
     eprint    = "hep-th/0102021",
     SLACcitation  = "%%CITATION = HEP-TH 0102021;%%"
}

@Article{Bertolami:1999da,
     author    = "Bertolami, O. and Carvalho, C. S.",
     title     = "Proposed astrophysical test of Lorentz invariance",
     journal   = "Phys. Rev.",
     volume    = "D61",
     year      = "2000",
     pages     = "103002",
     eprint    = "gr-qc/9912117",
     SLACcitation  = "%%CITATION = GR-QC 9912117;%%"
}

@Article{Bertolami:2003qs,
     author    = "Bertolami, Orfeu and Lehnert, Ralf and Potting, Robertus
                  and Ribeiro, Andre",
     title     = "Cosmological acceleration, varying couplings, and Lorentz
                  breaking",
     journal   = "Phys. Rev.",
     volume    = "D69",
     year      = "2004",
     pages     = "083513",
     eprint    = "astro-ph/0310344",
     SLACcitation  = "%%CITATION = ASTRO-PH 0310344;%%"
}

@Book{Weinberg:1995mt,
  author = 	 {Weinberg, Steven},
  title = 	 {The Quantum Theory of Fields. Vol. 1: Foundations},
  publisher = 	 {Cambridge, UK},
  year = 	 {1995},
}
@Article{Mattingly:2002ba,
     author    = "Mattingly, D. and Jacobson, T. and Liberati, S.",
     title     = "Threshold configurations in the presence of Lorentz
                  violating dispersion relations",
     journal   = "Phys. Rev.",
     volume    = "D67",
     year      = "2003",
     pages     = "124012",
     eprint    = "hep-ph/0211466",
     SLACcitation  = "%%CITATION = HEP-PH 0211466;%%"
}
@Article{Pavlopoulos:1967dm,
     author    = "Pavlopoulos, T. G.",
     title     = "Breakdown of Lorentz invariance",
     journal   = "Phys. Rev.",
     volume    = "159",
     year      = "1967",
     pages     = "1106-1110",
     SLACcitation  = "%%CITATION = PHRVA,159,1106;%%"
}

@Article{Fradkin:1978yp,
     author    = "Fradkin, E. S. and Gitman, D. M.",
     title     = "QUANTUM ELECTRODYNAMICS WITH INTENSE EXTERNAL FIELD",
     journal     = "Print-78-0920 (LEBEDEV)",
     year     = 1978
}
@Article{Novikov:1983gd,
     author    = "Novikov, V. A. and Shifman, Mikhail A. and Vainshtein, A.
                  I. and Zakharov, Valentin I.",
     title     = "CALCULATIONS IN EXTERNAL FIELDS IN QUANTUM CHROMODYNAMICS:.
                  TECHNICAL REVIEW",
     journal   = "Fortschr. Phys.",
     volume    = "32",
     year      = "1984",
     pages     = "585",
     SLACcitation  = "%%CITATION = FPYKA,32,585;%%"
}

@Book{Volovik:2003fe,
  author =	 {Volovik, G. E.},
  title =	 {The universe in a helium droplet},
  publisher =	 {Oxford, UK: Clarendon},
  year =	 {2003},
  OPTkey =	 {},
  OPTvolume =	 {},
  OPTnumber =	 {},
  OPTseries =	 {},
  OPTaddress =	 {},
  OPTedition =	 {},
  OPTmonth =	 {},
  OPTnote =	 {},
  OPTannote =	 {}
}

@Article{Magueijo:2001cr,
     author    = "Magueijo, Joao and Smolin, Lee",
     title     = "Lorentz invariance with an invariant energy scale",
     journal   = "Phys. Rev. Lett.",
     volume    = "88",
     year      = "2002",
     pages     = "190403",
     eprint    = "hep-th/0112090",
     SLACcitation  = "%%CITATION = HEP-TH 0112090;%%"
}
@Article{Polchinski:1983gv,
     author    = "Polchinski, Joseph",
     title     = "RENORMALIZATION AND EFFECTIVE LAGRANGIANS",
     journal   = "Nucl. Phys.",
     volume    = "B231",
     year      = "1984",
     pages     = "269-295",
     SLACcitation  = "%%CITATION = NUPHA,B231,269;%%"
}
@Article{Wilson:1971bg,
     author    = "Wilson, Kenneth G.",
     title     = "Renormalization group and critical phenomena. 1.
                  Renormalization group and the Kadanoff scaling picture",
     journal   = "Phys. Rev.",
     volume    = "B4",
     year      = "1971",
     pages     = "3174-3183",
     SLACcitation  = "%%CITATION = PHRVA,B4,3174;%%"
}
@Article{Wilson:1971dh,
     author    = "Wilson, Kenneth G.",
     title     = "Renormalization group and critical phenomena. 2. Phase
                  space cell analysis of critical behavior",
     journal   = "Phys. Rev.",
     volume    = "B4",
     year      = "1971",
     pages     = "3184-3205",
     SLACcitation  = "%%CITATION = PHRVA,B4,3184;%%"
}
@Article{Wilson:1973jj,
     author    = "Wilson, K. G. and Kogut, John B.",
     title     = "The Renormalization group and the epsilon expansion",
     journal   = "Phys. Rept.",
     volume    = "12",
     year      = "1974",
     pages     = "75-200",
     SLACcitation  = "%%CITATION = PRPLC,12,75;%%"
}

@Book{Peskin:1995ev,
     author    = "Peskin, Michael E. and Schroeder, D. V.",
     title     = "An Introduction to Quantum Field Theory",
     publisher     = "Reading, USA: Addison-Wesley",
     year = 1995
}
@Article{Carroll:1989vb,
     author    = "Carroll, Sean M. and Field, George B. and Jackiw, Roman",
     title     = "LIMITS ON A LORENTZ AND PARITY VIOLATING MODIFICATION OF
                  ELECTRODYNAMICS",
     journal   = "Phys. Rev.",
     volume    = "D41",
     year      = "1990",
     pages     = "1231",
     SLACcitation  = "%%CITATION = PHRVA,D41,1231;%%"
}
@Article{Mocioiu:2000ip,
     author    = "Mocioiu, Irina and Pospelov, Maxim and Roiban, Radu",
     title     = "Low-energy limits on the antisymmetric tensor field
                  background on the  brane and on the non-commutative scale",
     journal   = "Phys. Lett.",
     volume    = "B489",
     year      = "2000",
     pages     = "390-396",
     eprint    = "hep-ph/0005191",
     SLACcitation  = "%%CITATION = HEP-PH 0005191;%%"
}
@Article{Anisimov:2001zc,
     author    = "Anisimov, Alexey and Banks, Tom and Dine, Michael and
                  Graesser, Michael",
     title     = "Comments on non-commutative phenomenology",
     journal   = "Phys. Rev.",
     volume    = "D65",
     year      = "2002",
     pages     = "085032",
     eprint    = "hep-ph/0106356",
     SLACcitation  = "%%CITATION = HEP-PH 0106356;%%"
}
@Article{Carlson:1998vx,
     author    = "Carlson, Carl E. and Carone, Christopher D. and Goity, Jose
                  L. and Lebed, Richard F.",
     title     = "Operator analysis of l = 1 baryon masses in large N(c)
                  {QCD}",
     journal   = "Phys. Rev.",
     volume    = "D59",
     year      = "1999",
     pages     = "114008",
     eprint    = "hep-ph/9812440",
     SLACcitation  = "%%CITATION = HEP-PH 9812440;%%"
}
@Article{Kostelecky:2003fs,
     author    = "Kostelecky, V. Alan",
     title     = "Gravity, Lorentz violation, and the standard model",
     journal   = "Phys. Rev.",
     volume    = "D69",
     year      = "2004",
     pages     = "105009",
     eprint    = "hep-th/0312310",
     SLACcitation  = "%%CITATION = HEP-TH 0312310;%%"
}
@Article{Jackiw:2003pm,
     author    = "Jackiw, R. and Pi, S. Y.",
     title     = "Chern-Simons modification of general relativity",
     journal   = "Phys. Rev.",
     volume    = "D68",
     year      = "2003",
     pages     = "104012",
     eprint    = "gr-qc/0308071",
     SLACcitation  = "%%CITATION = GR-QC 0308071;%%"
}
@Article{Armendariz-Picon:1999rj,
     author    = "Armendariz-Picon, C. and Damour, T. and Mukhanov, V.",
     title     = "k-inflation",
     journal   = "Phys. Lett.",
     volume    = "B458",
     year      = "1999",
     pages     = "209-218",
     eprint    = "hep-th/9904075",
     SLACcitation  = "%%CITATION = HEP-TH 9904075;%%"
}
@Article{Arkani-Hamed:2003uy,
     author    = "Arkani-Hamed, Nima and Cheng, Hsin-Chia and Luty, Markus A.
                  and Mukohyama, Shinji",
     title     = "Ghost condensation and a consistent infrared modification
                  of gravity",
     journal   = "JHEP",
     volume    = "05",
     year      = "2004",
     pages     = "074",
     eprint    = "hep-th/0312099",
     SLACcitation  = "%%CITATION = HEP-TH 0312099;%%"
}
@Article{Eling:2004dk,
     author    = "Eling, Christopher and Jacobson, Ted and Mattingly, David",
     title     = "Einstein-aether theory",
     year      = "2004",
     eprint    = "gr-qc/0410001",
     SLACcitation  = "%%CITATION = GR-QC 0410001;%%"
}
@Article{Graesser:2005bg,
     author    = "Graesser, Michael L. and Jenkins, Alejandro and Wise, Mark
                  B.",
     title     = "Spontaneous Lorentz violation and the long-range
                  gravitational  preferred-frame effect",
     journal   = "Phys. Lett.",
     volume    = "B613",
     year      = "2005",
     pages     = "5-10",
     eprint    = "hep-th/0501223",
     SLACcitation  = "%%CITATION = HEP-TH 0501223;%%"
}
@Article{Elliott:2005va,
     author    = "Elliott, Joshua W. and Moore, Guy D. and Stoica, Horace",
     title     = "Constraining the new aether: Gravitational Cherenkov
                  radiation",
     journal   = "JHEP",
     volume    = "08",
     year      = "2005",
     pages     = "066",
     eprint    = "hep-ph/0505211",
     SLACcitation  = "%%CITATION = HEP-PH 0505211;%%"
}
@Article{Jacobson:2000xp,
     author    = "Jacobson, Ted and Mattingly, David",
     title     = "Gravity with a dynamical preferred frame",
     journal   = "Phys. Rev.",
     volume    = "D64",
     year      = "2001",
     pages     = "024028",
     eprint    = "gr-qc/0007031",
     SLACcitation  = "%%CITATION = GR-QC 0007031;%%"
}

@Articl{Adelberger:1998ew,
     author    = "Adelberger, E. G. and others",
     title     = "Searches for new long-range forces: Equivalence principle
                  violation and Planck-scale physics",
     note      = "Prepared for 5th International WEIN Symposium: A Conference
                  on Physics Beyond the Standard Model (WEIN 98), Santa Fe,
                  New Mexico, 14-21 Jun 1998"
}
@Article{Moore:2001bv,
     author    = "Moore, Guy D. and Nelson, Ann E.",
     title     = "Lower bound on the propagation speed of gravity from
                  gravitational  Cherenkov radiation",
     journal   = "JHEP",
     volume    = "09",
     year      = "2001",
     pages     = "023",
     eprint    = "hep-ph/0106220",
     SLACcitation  = "%%CITATION = HEP-PH 0106220;%%"
}
@Article{Dolgov:1981hv,
     author    = "Dolgov, A. D. and Zeldovich, Ya. B.",
     title     = "COSMOLOGY AND ELEMENTARY PARTICLES",
     journal   = "Rev. Mod. Phys.",
     volume    = "53",
     year      = "1981",
     pages     = "1-41",
     SLACcitation  = "%%CITATION = RMPHA,53,1;%%"
}
@Article{Salam:1980jd,
     author    = "Salam, Abdus",
     title     = "GAUGE UNIFICATION OF FUNDAMENTAL FORCES",
     journal   = "Rev. Mod. Phys.",
     volume    = "52",
     year      = "1980",
     pages     = "525-538",
     SLACcitation  = "%%CITATION = RMPHA,52,525;%%"
}
@Article{Glashow:1979pj,
     author    = "Glashow, S. L.",
     title     = "TOWARDS A UNIFIED THEORY: THREADS IN A TAPESTRY",
     journal   = "Rev. Mod. Phys.",
     volume    = "52",
     year      = "1980",
     pages     = "539-543",
     SLACcitation  = "%%CITATION = RMPHA,52,539;%%"
}
@Article{Weinberg:1979pi,
     author    = "Weinberg, Steven",
     title     = "CONCEPTUAL FOUNDATIONS OF THE UNIFIED THEORY OF WEAK AND
                  ELECTROMAGNETIC INTERACTIONS",
     journal   = "Rev. Mod. Phys.",
     volume    = "52",
     year      = "1980",
     pages     = "515-523",
     SLACcitation  = "%%CITATION = RMPHA,52,515;%%"
}
@Article{Lammerzahl:2001ug,
     author    = "Lammerzahl, Claus and Dittus, Hansjorg and Peters, Achim
                  and Schiller, Stephan",
     title     = "OPTIS - a satellite-based test of Special and General
                  Relativity",
     journal   = "Class. Quant. Grav.",
     volume    = "18",
     year      = "2001",
     pages     = "2499-2508",
     eprint    = "gr-qc/0104067",
     SLACcitation  = "%%CITATION = GR-QC 0104067;%%"
}
@Article{Buchman:,
  author = 	 {Buchman {\em et al.}, S.},
  title = 	 {A Space-Based Superconducting Microwave Oscillator Clock},
  journal = 	 {Adv. Space Res.},
  volume = 	 {25},
  year =        {2000},
  pages =        {1251}
}
@Book{Connes:,
  author = 	 {Connes, A.},
  ALTeditor = 	 {},
  title = 	 {Noncommutative geometry},
  publisher = 	 {Academic Press},
  year = 	 {1994}
}
@Article{Berglund:,
  author = 	 {Berglund {\em et al}, C J},
  journal = 	 {Phys. Rev. Lett.},
  year = 	 {1995},
  volume = 	 {75},
  pages = 	 {1879-1882}
}
@PhdThesis{HarrisPhD:,
  author = 	 {Harris, M G},
  school = 	 {University of Washington},
  year = 	 {1998}
}
@Article{Bertolami:1996cq,
     author    = "Bertolami, O. and Colladay, Don and Kostelecky, V. Alan and
                  Potting, R.",
     title     = "CPT violation and baryogenesis",
     journal   = "Phys. Lett.",
     volume    = "B395",
     year      = "1997",
     pages     = "178-183",
     eprint    = "hep-ph/9612437",
     SLACcitation  = "%%CITATION = HEP-PH 9612437;%%"
}
@Article{Michelson,
  author = 	 {Michelson, A A and Morley, E W},
  journal = 	 {Am. J. Sci.},
  year = 	 {1887},
  pages =        "333",
  volume =       "34"
}
@Article{Carroll:2005dj,
     author    = "Carroll, Sean M. and Shu, Jing",
     title     = "Models of baryogenesis via spontaneous Lorentz violation",
     journal   = "Phys. Rev.",
     volume    = "D73",
     year      = "2006",
     pages     = "103515",
     eprint    = "hep-ph/0510081",
     SLACcitation  = "%%CITATION = HEP-PH 0510081;%%"
}
@Article{Dolgov:1991fr,
     author    = "Dolgov, A. D.",
     title     = "NonGUT baryogenesis",
     journal   = "Phys. Rept.",
     volume    = "222",
     year      = "1992",
     pages     = "309-386",
     SLACcitation  = "%%CITATION = PRPLC,222,309;%%"
}
@Article{Cohen:1987vi,
     author    = "Cohen, Andrew G. and Kaplan, David B.",
     title     = "THERMODYNAMIC GENERATION OF THE BARYON ASYMMETRY",
     journal   = "Phys. Lett.",
     volume    = "B199",
     year      = "1987",
     pages     = "251",
     SLACcitation  = "%%CITATION = PHLTA,B199,251;%%"
}
@Article{Kuzmin:1985mm,
     author    = "Kuzmin, V. A. and Rubakov, V. A. and Shaposhnikov, M. E.",
     title     = "ON THE ANOMALOUS ELECTROWEAK BARYON NUMBER NONCONSERVATION
                  IN THE EARLY UNIVERSE",
     journal   = "Phys. Lett.",
     volume    = "B155",
     year      = "1985",
     pages     = "36",
     SLACcitation  = "%%CITATION = PHLTA,B155,36;%%"
}
@Article{Moore:2000ar,
     author    = "Moore, Guy D.",
     title     = "Do we understand the sphaleron rate?",
     year      = "2000",
     eprint    = "hep-ph/0009161",
     SLACcitation  = "%%CITATION = HEP-PH 0009161;%%"
}
@Article{Khlebnikov:1988sr,
     author    = "Khlebnikov, S. Yu. and Shaposhnikov, M. E.",
     title     = "THE STATISTICAL THEORY OF ANOMALOUS FERMION NUMBER
                  NONCONSERVATION",
     journal   = "Nucl. Phys.",
     volume    = "B308",
     year      = "1988",
     pages     = "885-912",
     SLACcitation  = "%%CITATION = NUPHA,B308,885;%%"
}
@Article{Moore:2000mx,
     author    = "Moore, Guy D.",
     title     = "Sphaleron rate in the symmetric electroweak phase",
     journal   = "Phys. Rev.",
     volume    = "D62",
     year      = "2000",
     pages     = "085011",
     eprint    = "hep-ph/0001216",
     SLACcitation  = "%%CITATION = HEP-PH 0001216;%%"
}
@Article{Buchmuller:2005eh,
     author    = "Buchmuller, W. and Peccei, R. D. and Yanagida, T.",
     title     = "Leptogenesis as the origin of matter",
     journal   = "Ann. Rev. Nucl. Part. Sci.",
     volume    = "55",
     year      = "2005",
     pages     = "311-355",
     eprint    = "hep-ph/0502169",
     SLACcitation  = "%%CITATION = HEP-PH 0502169;%%"
}
@Article{Kolb:1990vq,
     author    = "Kolb, E. W. and Turner, Michael S.",
     title     = "The Early universe",
     journal   = "Front. Phys.",
     volume    = "69",
     year      = "1990",
     pages     = "1-547",
     SLACcitation  = "%%CITATION = FRPHA,69,1;%%"
}
@Article{Colladay:1996iz,
     author    = "Colladay, Don and Kostelecky, V. Alan",
     title     = "CPT violation and the standard model",
     journal   = "Phys. Rev.",
     volume    = "D55",
     year      = "1997",
     pages     = "6760-6774",
     eprint    = "hep-ph/9703464",
     SLACcitation  = "%%CITATION = HEP-PH 9703464;%%"
}
@Article{Bolokhov:2006yx,
     author    = "Bolokhov, Pavel A. and Pospelov, Maxim and Romalis, Michael
                  ",
     title     = "Electric dipole moments as probes of CPT invariance",
     year      = "2006",
     eprint    = "hep-ph/0609153",
     SLACcitation  = "%%CITATION = HEP-PH 0609153;%%"
}
@Article{Bolokhov:2006wu,
     author    = "Bolokhov, Pavel A. and Pospelov, Maxim",
     title     = "CPT-odd leptogenesis",
     journal   = "Phys. Rev.",
     volume    = "D74",
     year      = "2006",
     pages     = "123517",
     eprint    = "hep-ph/0610070",
     SLACcitation  = "%%CITATION = HEP-PH 0610070;%%"
}
@Article{Manohar:1983md,
     author    = "Manohar, Aneesh and Georgi, Howard",
     title     = "CHIRAL QUARKS AND THE NONRELATIVISTIC QUARK MODEL",
     journal   = "Nucl. Phys.",
     volume    = "B234",
     year      = "1984",
     pages     = "189",
     SLACcitation  = "%%CITATION = NUPHA,B234,189;%%"
}
@Article{Belich:2006pi,
     author    = "Belich, H. and Costa-Soares, T. and Ferreira, M. M. , Jr.
                  and Helayel-Neto, J. A. and Mouchereck, F. M. O.",
     title     = "Lorentz-violating corrections on the hydrogen spectrum
                  induced by a non-minimal coupling",
     year      = "2006",
     eprint    = "hep-th/0604149",
     SLACcitation  = "%%CITATION = HEP-TH 0604149;%%"
}
@Article{Belich:2006tk,
     author    = "Belich, H. and Costa-Soares, T. and Ferreira, M. M. , Jr.
                  and Helayel-Neto, J. A. and Orlando, M. T. D.",
     title     = "A comment on the topological phase for anti-particles in a
                  Lorentz-violating environment",
     journal   = "Phys. Lett.",
     volume    = "B639",
     year      = "2006",
     pages     = "675-678",
     eprint    = "hep-th/0603091",
     SLACcitation  = "%%CITATION = HEP-TH 0603091;%%"
}
@Article{Sahlmann:2002qk,
     author    = "Sahlmann, Hanno and Thiemann, Thomas",
     title     = "Towards the QFT on curved spacetime limit of QGR. II: A
                  concrete  implementation",
     journal   = "Class. Quant. Grav.",
     volume    = "23",
     year      = "2006",
     pages     = "909-954",
     eprint    = "gr-qc/0207031",
     SLACcitation  = "%%CITATION = GR-QC 0207031;%%"
}
@Article{Choubey:2003ke,
     author    = "Choubey, Sandhya and King, S. F.",
     title     = "Electrophobic Lorentz invariance violation for neutrinos
                  and the  see-saw mechanism",
     journal   = "Phys. Lett.",
     volume    = "B586",
     year      = "2004",
     pages     = "353-365",
     eprint    = "hep-ph/0311326",
     SLACcitation  = "%%CITATION = HEP-PH 0311326;%%"
}
@Article{Hamermesh,
     author    = "Hamermesh, Morton",
     title     = "Group Theory and its applications to physical problems",
     year      = "1989",
     journal    = "Dover Publications, Inc.",
     note     = "509 p"
}

%A.A. Michelson and E.W. Morley, Am. J. Sci. 34, 333
%(1887); Phil. Mag. 24, 449 (1887). 

%[{\it M.G. Harris, PhD Thesis, University of Washington, 1998}].
%[{\it C. J. Berglund, et al.Phys. Rev. Lett. 75, 18791882 (1995)}],
%[{\it A. Connes, Noncommutative geometry. Academic Press, 1994}].
